<?xml version="1.0" encoding="UTF-8"?>
  <record xmlns="http://www.loc.gov/MARC21/slim" type="Authority">
    <leader>00000nz  a2200000nc 4500</leader>
    <controlfield tag="001">118838059</controlfield>
    <controlfield tag="003">DE-101</controlfield>
    <controlfield tag="005">20220311161604.0</controlfield>
    <controlfield tag="008">880722n||azznnaabn           | aaa    |c</controlfield>
    <datafield tag="024" ind1="7" ind2=" ">
      <subfield code="a">118838059</subfield>
      <subfield code="0">http://d-nb.info/gnd/118838059</subfield>
      <subfield code="2">gnd</subfield>
    </datafield>
    <datafield tag="035" ind1=" " ind2=" ">
      <subfield code="a">(DE-101)118838059</subfield>
    </datafield>
    <datafield tag="035" ind1=" " ind2=" ">
      <subfield code="a">(DE-588)118838059</subfield>
    </datafield>
    <datafield tag="035" ind1=" " ind2=" ">
      <subfield code="z">(DE-588)1187839612</subfield>
    </datafield>
    <datafield tag="035" ind1=" " ind2=" ">
      <subfield code="z">(DE-588)1089137486</subfield>
    </datafield>
    <datafield tag="035" ind1=" " ind2=" ">
      <subfield code="z">(DE-588)1090569998</subfield>
    </datafield>
    <datafield tag="035" ind1=" " ind2=" ">
      <subfield code="z">(DE-588)1090299559</subfield>
    </datafield>
    <datafield tag="035" ind1=" " ind2=" ">
      <subfield code="z">(DE-588a)118838059</subfield>
      <subfield code="9">v:zg</subfield>
    </datafield>
    <datafield tag="035" ind1=" " ind2=" ">
      <subfield code="z">(DE-588c)4199970-8</subfield>
      <subfield code="9">v:zg</subfield>
    </datafield>
    <datafield tag="040" ind1=" " ind2=" ">
      <subfield code="a">DE-101</subfield>
      <subfield code="c">DE-101</subfield>
      <subfield code="9">r:DE-101</subfield>
      <subfield code="b">ger</subfield>
      <subfield code="d">9999</subfield>
    </datafield>
    <datafield tag="042" ind1=" " ind2=" ">
      <subfield code="a">gnd1</subfield>
    </datafield>
    <datafield tag="043" ind1=" " ind2=" ">
      <subfield code="c">XY</subfield>
      <subfield code="c">XA-ES</subfield>
    </datafield>
    <datafield tag="065" ind1=" " ind2=" ">
      <subfield code="a">19.1dp</subfield>
      <subfield code="2">sswd</subfield>
    </datafield>
    <datafield tag="065" ind1=" " ind2=" ">
      <subfield code="a">3.1p</subfield>
      <subfield code="2">sswd</subfield>
    </datafield>
    <datafield tag="075" ind1=" " ind2=" ">
      <subfield code="b">p</subfield>
      <subfield code="2">gndgen</subfield>
    </datafield>
    <datafield tag="075" ind1=" " ind2=" ">
      <subfield code="b">piz</subfield>
      <subfield code="2">gndspec</subfield>
    </datafield>
    <datafield tag="079" ind1=" " ind2=" ">
      <subfield code="a">g</subfield>
      <subfield code="q">s</subfield>
      <subfield code="q">f</subfield>
      <subfield code="q">n</subfield>
      <subfield code="q">a</subfield>
      <subfield code="q">e</subfield>
      <subfield code="u">v</subfield>
      <subfield code="u">o</subfield>
    </datafield>
    <datafield tag="100" ind1="0" ind2=" ">
      <subfield code="a">Binyamin ben Yonah</subfield>
      <subfield code="c">mi-Ṭudelah</subfield>
      <subfield code="d">-1173</subfield>
    </datafield>
    <datafield tag="400" ind1="0" ind2=" ">
      <subfield code="a">Binyāmîn Ben-Yôna</subfield>
      <subfield code="c">miṭ-Ṭūdēlā</subfield>
      <subfield code="d">-1173</subfield>
    </datafield>
    <datafield tag="400" ind1="0" ind2=" ">
      <subfield code="a">Bēnjāmīn Bēn-Jōnā</subfield>
      <subfield code="c">miṭ-Ṭūdēlā</subfield>
      <subfield code="d">-1173</subfield>
    </datafield>
    <datafield tag="400" ind1="0" ind2=" ">
      <subfield code="a">Benjamin Ben Jona</subfield>
      <subfield code="c">von Tudela</subfield>
      <subfield code="d">-1173</subfield>
    </datafield>
    <datafield tag="400" ind1="0" ind2=" ">
      <subfield code="a">Binyamin ben Yonah</subfield>
      <subfield code="c">Tudela</subfield>
      <subfield code="d">-1173</subfield>
    </datafield>
    <datafield tag="400" ind1="0" ind2=" ">
      <subfield code="a">Benjamin bar Jona von Tudela</subfield>
      <subfield code="d">-1173</subfield>
    </datafield>
    <datafield tag="400" ind1="0" ind2=" ">
      <subfield code="a">Binyāmîn Ben-Yôna</subfield>
      <subfield code="c">Tudela</subfield>
      <subfield code="d">-1173</subfield>
      <subfield code="9">v:DIN Stand 1982</subfield>
    </datafield>
    <datafield tag="400" ind1="0" ind2=" ">
      <subfield code="a">Bēnjāmīn Bēn-Jōnā</subfield>
      <subfield code="c">Ṭūdēlā</subfield>
      <subfield code="d">-1173</subfield>
    </datafield>
    <datafield tag="400" ind1="0" ind2=" ">
      <subfield code="a">Benjamin ben Jonah</subfield>
      <subfield code="c">Tudela</subfield>
      <subfield code="d">-1173</subfield>
    </datafield>
    <datafield tag="400" ind1="0" ind2=" ">
      <subfield code="a">Binyamin ben Yonah</subfield>
      <subfield code="d">-1173</subfield>
    </datafield>
    <datafield tag="400" ind1="0" ind2=" ">
      <subfield code="a">Binyāmîn Ben-Yôna</subfield>
      <subfield code="d">-1173</subfield>
    </datafield>
    <datafield tag="400" ind1="0" ind2=" ">
      <subfield code="a">Bēnjāmīn Bēn-Jōnā</subfield>
      <subfield code="d">-1173</subfield>
    </datafield>
    <datafield tag="400" ind1="0" ind2=" ">
      <subfield code="a">Binyāmîn ben Yōna</subfield>
      <subfield code="d">-1173</subfield>
      <subfield code="9">v:(VD-16)</subfield>
    </datafield>
    <datafield tag="400" ind1="0" ind2=" ">
      <subfield code="a">Binyamin</subfield>
      <subfield code="c">mi-Ṭudelah</subfield>
      <subfield code="d">-1173</subfield>
    </datafield>
    <datafield tag="400" ind1="0" ind2=" ">
      <subfield code="a">Binyāmîn</subfield>
      <subfield code="c">miṭ-Ṭūdēlā</subfield>
      <subfield code="d">-1173</subfield>
    </datafield>
    <datafield tag="400" ind1="0" ind2=" ">
      <subfield code="a">Bēnjāmīn</subfield>
      <subfield code="c">miṭ-Ṭūdēlā</subfield>
      <subfield code="d">-1173</subfield>
    </datafield>
    <datafield tag="400" ind1="0" ind2=" ">
      <subfield code="a">Binyạmîn Miṭṭûḏe̜la̋</subfield>
      <subfield code="d">-1173</subfield>
    </datafield>
    <datafield tag="400" ind1="0" ind2=" ">
      <subfield code="a">Benjamin</subfield>
      <subfield code="c">de Tudela</subfield>
      <subfield code="d">-1173</subfield>
    </datafield>
    <datafield tag="400" ind1="0" ind2=" ">
      <subfield code="a">Binjamin</subfield>
      <subfield code="c">von Tudela</subfield>
      <subfield code="d">-1173</subfield>
    </datafield>
    <datafield tag="400" ind1="0" ind2=" ">
      <subfield code="a">Benjamin</subfield>
      <subfield code="c">von Tudela</subfield>
      <subfield code="d">-1173</subfield>
    </datafield>
    <datafield tag="400" ind1="0" ind2=" ">
      <subfield code="a">Benjamin</subfield>
      <subfield code="c">z Tudely</subfield>
      <subfield code="d">-1173</subfield>
    </datafield>
    <datafield tag="400" ind1="0" ind2=" ">
      <subfield code="a">Benjamin of Tudela</subfield>
      <subfield code="d">-1173</subfield>
    </datafield>
    <datafield tag="400" ind1="0" ind2=" ">
      <subfield code="a">Benjamin</subfield>
      <subfield code="c">Tudelensis</subfield>
      <subfield code="d">-1173</subfield>
    </datafield>
    <datafield tag="400" ind1="0" ind2=" ">
      <subfield code="a">Benjamin</subfield>
      <subfield code="c">Tudelae</subfield>
      <subfield code="d">-1173</subfield>
    </datafield>
    <datafield tag="400" ind1="0" ind2=" ">
      <subfield code="a">Binyamin</subfield>
      <subfield code="c">ha-shelishi</subfield>
      <subfield code="d">-1173</subfield>
    </datafield>
    <datafield tag="400" ind1="0" ind2=" ">
      <subfield code="a">Binyāmîn</subfield>
      <subfield code="c">haš-šělîšî</subfield>
      <subfield code="d">-1173</subfield>
    </datafield>
    <datafield tag="400" ind1="0" ind2=" ">
      <subfield code="a">Bēnjāmīn</subfield>
      <subfield code="c">haš-šělîšî</subfield>
      <subfield code="d">-1173</subfield>
    </datafield>
    <datafield tag="400" ind1="0" ind2=" ">
      <subfield code="a">Binjamin</subfield>
      <subfield code="c">der Dritte</subfield>
      <subfield code="d">-1173</subfield>
    </datafield>
    <datafield tag="400" ind1="1" ind2=" ">
      <subfield code="a">Tudele, Benjamin &#152;von&#156;</subfield>
      <subfield code="d">-1173</subfield>
    </datafield>
    <datafield tag="400" ind1="1" ind2=" ">
      <subfield code="a">Tudela, Benjamin &#152;de&#156;</subfield>
      <subfield code="d">-1173</subfield>
    </datafield>
    <datafield tag="400" ind1="1" ind2=" ">
      <subfield code="a">Tudela, Benjamin &#152;von&#156;</subfield>
      <subfield code="d">-1173</subfield>
    </datafield>
    <datafield tag="400" ind1="1" ind2=" ">
      <subfield code="a">Tudela, Binyamin ben Yonah</subfield>
      <subfield code="d">-1173</subfield>
    </datafield>
    <datafield tag="400" ind1="1" ind2=" ">
      <subfield code="a">Tudela, Binyamîn Ben-Yôna</subfield>
      <subfield code="d">-1173</subfield>
    </datafield>
    <datafield tag="400" ind1="1" ind2=" ">
      <subfield code="a">Tudela, Bēnjāmīn Ben-Jôna</subfield>
      <subfield code="d">-1173</subfield>
    </datafield>
    <datafield tag="400" ind1="0" ind2=" ">
      <subfield code="a">Aben Ionah</subfield>
      <subfield code="d">-1173</subfield>
    </datafield>
    <datafield tag="400" ind1="0" ind2=" ">
      <subfield code="a">Ben-Yôna</subfield>
      <subfield code="c">Tudela</subfield>
      <subfield code="d">-1173</subfield>
    </datafield>
    <datafield tag="400" ind1="0" ind2=" ">
      <subfield code="a">Binyāmīn Ibn Yūna at-Taṭīlī an-Nibārī al-Andalusī</subfield>
      <subfield code="d">-1173</subfield>
    </datafield>
    <datafield tag="400" ind1="1" ind2=" ">
      <subfield code="a">al-Andalusī, Binyāmīn Ibn Yūna at-Taṭīlī an-Nibārī &#152;al-&#156;</subfield>
      <subfield code="d">-1173</subfield>
    </datafield>
    <datafield tag="400" ind1="1" ind2=" ">
      <subfield code="a">at-Taṭīlī, Binyāmīn Ibn Yūna &#152;at-&#156;</subfield>
      <subfield code="d">-1173</subfield>
    </datafield>
    <datafield tag="548" ind1=" " ind2=" ">
      <subfield code="a">-1173</subfield>
      <subfield code="4">datl</subfield>
      <subfield code="4">https://d-nb.info/standards/elementset/gnd#dateOfDeath</subfield>
      <subfield code="w">r</subfield>
      <subfield code="i">Lebensdaten</subfield>
    </datafield>
    <datafield tag="550" ind1=" " ind2=" ">
      <subfield code="0">(DE-101)041776135</subfield>
      <subfield code="0">(DE-588)4177613-6</subfield>
      <subfield code="0">https://d-nb.info/gnd/4177613-6</subfield>
      <subfield code="a">Reisender</subfield>
      <subfield code="4">berc</subfield>
      <subfield code="4">https://d-nb.info/standards/elementset/gnd#professionOrOccupation</subfield>
      <subfield code="w">r</subfield>
      <subfield code="i">Charakteristischer Beruf</subfield>
    </datafield>
    <datafield tag="551" ind1=" " ind2=" ">
      <subfield code="0">(DE-101)042915538</subfield>
      <subfield code="0">(DE-588)4291553-3</subfield>
      <subfield code="0">https://d-nb.info/gnd/4291553-3</subfield>
      <subfield code="a">Tudela</subfield>
      <subfield code="4">ortg</subfield>
      <subfield code="4">https://d-nb.info/standards/elementset/gnd#placeOfBirth</subfield>
      <subfield code="w">r</subfield>
      <subfield code="i">Geburtsort</subfield>
    </datafield>
    <datafield tag="667" ind1=" " ind2=" ">
      <subfield code="a">12-PMA</subfield>
    </datafield>
    <datafield tag="667" ind1=" " ind2=" ">
      <subfield code="a">12</subfield>
    </datafield>
    <datafield tag="667" ind1=" " ind2=" ">
      <subfield code="a">7</subfield>
    </datafield>
    <datafield tag="667" ind1=" " ind2=" ">
      <subfield code="a">VD-16</subfield>
    </datafield>
    <datafield tag="667" ind1=" " ind2=" ">
      <subfield code="a">Red. SSG</subfield>
    </datafield>
    <datafield tag="667" ind1=" " ind2=" ">
      <subfield code="a">VD-17</subfield>
    </datafield>
    <datafield tag="667" ind1=" " ind2=" ">
      <subfield code="a">Quelle: DNB-Normdaten (Info DNB: Juden (XY); Spanien (XA-ES) Geografischer Bezug Geburtsort: Tudela Beruf(e) Reisender Weitere Angaben Span. Rabbiner u. Reisender)</subfield>
    </datafield>
    <datafield tag="667" ind1=" " ind2=" ">
      <subfield code="a">MMm</subfield>
    </datafield>
    <datafield tag="667" ind1=" " ind2=" ">
      <subfield code="a">MMm</subfield>
    </datafield>
    <datafield tag="670" ind1=" " ind2=" ">
      <subfield code="a">CSGL</subfield>
    </datafield>
    <datafield tag="670" ind1=" " ind2=" ">
      <subfield code="a">LMA,I,1915</subfield>
    </datafield>
    <datafield tag="670" ind1=" " ind2=" ">
      <subfield code="a">B 1986</subfield>
    </datafield>
    <datafield tag="670" ind1=" " ind2=" ">
      <subfield code="a">M</subfield>
    </datafield>
    <datafield tag="670" ind1=" " ind2=" ">
      <subfield code="a">Wikipedia</subfield>
    </datafield>
    <datafield tag="672" ind1=" " ind2="0">
      <subfield code="a">Binyāmîn Ben-Yôna &lt;Tudela&gt;: Itinerarium</subfield>
      <subfield code="f">1575</subfield>
    </datafield>
    <datafield tag="672" ind1=" " ind2="0">
      <subfield code="a">Binyāmîn Ben-Yôna &lt;Tudela&gt;: Voyages</subfield>
      <subfield code="f">1734</subfield>
    </datafield>
    <datafield tag="672" ind1=" " ind2="0">
      <subfield code="a">Benjamin ben Jonah &lt;Tudela&gt;: Viajes 1160 - 1173. - 1918</subfield>
    </datafield>
    <datafield tag="672" ind1=" " ind2="0">
      <subfield code="a">Binyāmîn Ben-Yôna &lt;Tudela&gt;: Reisetagebuch des Rabi Binjamin von Tudela</subfield>
      <subfield code="f">1918</subfield>
    </datafield>
    <datafield tag="672" ind1=" " ind2="0">
      <subfield code="a">Binyāmîn Ben-Yôna &lt;Tudela&gt;: Itinerarium</subfield>
      <subfield code="f">1633</subfield>
    </datafield>
    <datafield tag="672" ind1=" " ind2="0">
      <subfield code="a">Binyāmîn Ben-Yônā &lt;Tudela&gt;: Massāʿôt šel Rabbî Binyāmîn</subfield>
      <subfield code="f">1633</subfield>
    </datafield>
    <datafield tag="672" ind1=" " ind2="0">
      <subfield code="a">Binyāmin Ben-Yôna &lt;Tudela&gt;: Maṣṣāʿôt šel Rabbî Binyāmîn</subfield>
      <subfield code="f">1633</subfield>
    </datafield>
    <datafield tag="672" ind1=" " ind2="0">
      <subfield code="a">Binyāmîn Ben-Yôna &lt;Tudela&gt;: Massāʿôt šel Rabbî Binyāmîn ...</subfield>
      <subfield code="f">1783 = 543</subfield>
    </datafield>
    <datafield tag="672" ind1=" " ind2="0">
      <subfield code="a">Binyāmîn ben Yōna: \=H. 1583. (VD16 ZV 17570)</subfield>
    </datafield>
    <datafield tag="678" ind1=" " ind2=" ">
      <subfield code="b">Span. Rabbiner u. Reisender</subfield>
    </datafield>
    <datafield tag="700" ind1="0" ind2="4">
      <subfield code="9">U:Hebr</subfield>
      <subfield code="a">בנימין בן יונה</subfield>
      <subfield code="c">מטודילה</subfield>
      <subfield code="d">-1173</subfield>
      <subfield code="9">v:Original</subfield>
    </datafield>
    <datafield tag="913" ind1=" " ind2=" ">
      <subfield code="S">pnd</subfield>
      <subfield code="i">5</subfield>
      <subfield code="a">Binyamin ben Yonah &lt;mi-Ṭudelah&gt;</subfield>
      <subfield code="0">(DE-588a)118838059</subfield>
    </datafield>
    <datafield tag="913" ind1=" " ind2=" ">
      <subfield code="S">pnd</subfield>
      <subfield code="i">5</subfield>
      <subfield code="a">Benjamin &lt;von Tudela&gt;</subfield>
      <subfield code="0">(DE-588a)118838059</subfield>
    </datafield>
  </record>
